@Book{elb05,
  author =    {Julius Anton von Poseck},
  title =        {Darby Unrevidierte Elberfelder},
  publisher =    {eBible.org},
  year =         1905,
  filepath = {"~/Dropbox/2TextBooks/1-Bible/elberfelder-1905-deuelo_a4.pdf"},
  file-page-offset = {5}
}

@Book{xee2019,
  author =    {XEE},
  title =        {XEE Lernleitfaden 2019},
  publisher =    {},
  year =         {},
  filepath = {"~/Dropbox/2TextBooks/1-Bible/XEE-Lernleitfaden-26.08.2019.pdf"},
  file-page-offset = 0
}

@Book{negele98_quant,
  author =       {Negele, John},
  title =        {Quantum many-particle systems},
  year =         1998,
  publisher =    {Perseus Books},
  address =      {Reading, MA},
  isbn =         0738200522,
  filepath = {"~/Dropbox/2TextBooks/1-NegeleOrland-QuantumManyParticeSystems.pdf"},
  file-page-offset = 15
}

@Book{new,
  author =       {Negele, John},
  title =        {Quantum many-particle systems},
  file-page-offset = {16},
  year =         1998,
  publisher =    {Perseus Books},
  address =      {Reading, MA},
  isbn =         0738200522,
  filepath = {"~/Dropbox/2TextBooks/1-NegeleOrland-QuantumManyParticeSystems.pdf"},
}