aewfwl ef ew f
awefawöefkja eö  ew f